<?xml version='1.0' encoding='UTF-8'?>
<record xmlns="http://www.loc.gov/MARC21/slim">
  <leader>00944cam a2200241 a 4500</leader>
  <controlfield tag="001">2767892</controlfield>
  <controlfield tag="003">NjP</controlfield>
  <controlfield tag="005">20171013173248.0</controlfield>
  <controlfield tag="008">940114s1950    iq       b    001 0 araod</controlfield>
  <datafield tag="024" ind1="7" ind2=" ">
    <subfield code="a">princeton_aco002384</subfield>
    <subfield code="2">local</subfield>
  </datafield>
  <datafield ind1=" " ind2=" " tag="035">
    <subfield code="a">(OCoLC)ocm29631015</subfield>
  </datafield>
  <datafield ind1=" " ind2=" " tag="035">
    <subfield code="9">CNG4096TS</subfield>
  </datafield>
  <datafield ind1=" " ind2=" " tag="040">
    <subfield code="a">OSU</subfield>
    <subfield code="c">OSU</subfield>
    <subfield code="d">PUL</subfield>
  </datafield>
  <datafield ind1="0" ind2=" " tag="100">
    <subfield code="a">Suyūṭī,</subfield>
    <subfield code="d">1445-1505.</subfield>
    <subfield code="0">http://id.loc.gov/authorities/names/n80081636</subfield>
  </datafield>
  <datafield ind1="1" ind2="3" tag="245">
    <subfield code="a">al-Wasāʾil ilá musāmarat al-awāʾil /</subfield>
    <subfield code="c">taʾlīf Jalāl al-Dīn al-Suyūṭī ; ḥaqqaqahu Asʻad Ṭalas.</subfield>
  </datafield>
  <datafield ind1=" " ind2=" " tag="260">
    <subfield code="a">Baghdād :</subfield>
    <subfield code="b">Maktabat al-Zawrāʾ,</subfield>
    <subfield code="c">1950.</subfield>
  </datafield>
  <datafield ind1=" " ind2=" " tag="300">
    <subfield code="a">12, 216 p. ;</subfield>
    <subfield code="c">26 cm.</subfield>
  </datafield>
  <datafield ind1=" " ind2="0" tag="440">
    <subfield code="a">Iḥyāʾ al-dhakhāʾir al-ʻArabīyah</subfield>
  </datafield>
  <datafield ind1=" " ind2=" " tag="504">
    <subfield code="a">Includes bibliographical references and indexes.</subfield>
  </datafield>
  <datafield ind1=" " ind2=" " tag="500">
    <subfield code="a">In Arabic.</subfield>
  </datafield>
  <datafield ind1=" " ind2="0" tag="650">
    <subfield code="a">Islam</subfield>
    <subfield code="x">History</subfield>
    <subfield code="v">Handbooks, manuals, etc.</subfield>
    <subfield code="v">Early works to 1800.</subfield>
  </datafield>
  <datafield ind1="1" ind2=" " tag="700">
    <subfield code="a">Ṭalas, Asʻad.</subfield>
  </datafield>
  <datafield ind1=" " ind2=" " tag="945">
    <subfield code="a">F</subfield>
    <subfield code="b">1</subfield>
    <subfield code="c">2276.069.395</subfield>
  </datafield>
  <datafield ind1=" " ind2=" " tag="911">
    <subfield code="a">20000130</subfield>
  </datafield>
  <datafield ind1="0" ind2="0" tag="852">
    <subfield code="0">3078717</subfield>
    <subfield code="b">nec</subfield>
    <subfield code="t">1</subfield>
    <subfield code="h">DS36.85</subfield>
    <subfield code="i">.S898 1950</subfield>
  </datafield>
  <datafield ind1=" " ind2=" " tag="959">
    <subfield code="a">2002-02-26 14:08:02 -0400</subfield>
  </datafield>
</record>
